@incollection{maler2004monitoring,
  title={Monitoring temporal properties of continuous signals},
  author={Maler, Oded and Nickovic, Dejan},
  booktitle={Formal Techniques, Modelling and Analysis of Timed and Fault-Tolerant Systems},
  pages={152--166},
  year={2004},
  publisher={Springer}
}

@inproceedings{asarin2012parametric,
  title={Parametric identification of temporal properties},
  author={Asarin, Eugene and Donz{\'e}, Alexandre and Maler, Oded and Nickovic, Dejan},
  booktitle={Runtime Verification},
  pages={147--160},
  year={2012},
  organization={Springer}
}

@article{fainekos2009robustness,
  title={Robustness of temporal logic specifications for continuous-time signals},
  author={Fainekos, Georgios E and Pappas, George J},
  journal={Theoretical Computer Science},
  volume={410},
  number={42},
  pages={4262--4291},
  year={2009},
  publisher={Elsevier}
}

@book{donze2010robust,
  title={Robust satisfaction of temporal logic over real-valued signals},
  author={Donz{\'e}, Alexandre and Maler, Oded},
  year={2010},
  publisher={Springer}
}

@inproceedings{donze2013efficient,
  title={Efficient robust monitoring for STL},
  author={Donz{\'e}, Alexandre and Ferrere, Thomas and Maler, Oded},
  booktitle={Computer Aided Verification},
  pages={264--279},
  year={2013},
  organization={Springer}
}
